@article{Fetch2002,
        AUTHOR = "H. Huttenrauch",
        TITLE = "Fetch-and-carry with CERO: observations from a long-term user study with a service robot",
        BOOKTITLE = "In proceedings of the International workshop on Robot and Human Interactive Communication",
        PAGE = "158-163",
        MONTH = "September",
        YEAR = "2002"
}
@article{RobotPlaymate2002,
        AUTHOR = "K. Dautenhahn, I, Werry, J. Rae, P. Dickerson, P. Stribling, and B. Ogden",
        TITLE = "Robotic playmates: Analysing interactive competencies of children with autism playing with a mobile robot",
        BOOKTITLE = "Socially Intelligent Agents: Creating Relationships with Computers and Robots",
        PAGE = "117-124",
        YEAR = "2002"
}
@article{RollingRobot2002,
        AUTHOR = "F. Michaud and S. Caron. Roball",
        TITLE = "The rolling robot",
        JOURNAL = "Autonomous Robots",
        VOLUME = "12",
        NUMBER = "2",
        PAGE = "211-222",
        MONTH = "March",
        YEAR = "2002"
}
@article{MobileRobotic2002,
        AUTHOR = "F. Michaud and C. Thberge-Turmel",
        TITLE = "Mobile robotic toys and autism",
        BOOKTITLE = "Socially Intelligent Agents: Creating Relationships with Computers and Robots",
        PAGE = "125-132",
        YEAR = "2002"
}
@article{Behavioral1964,
        AUTHOR = "Wolff, S., and Chess, S.",
        TITLE = "A behavioral study of schizophrenic children",
        BOOKTITLE = "Acta Psychiatrica of Child Psychology and Psychiatry",
        PAGE = "438-466",
        YEAR = "1964"
}
@article{SocialInteract2003,
        AUTHOR = "T. Fong, I. Nourbakhsh, and K. Dautenhahn",
        TITLE = "A survey of socially interactive robots",
        JOURNAL = "Robotics and Autonomous Systems",
        VOLUME = "42",
        NUMBER = "3-4",
        PAGE = "143-166",
        YEAR = "2003"
}
@article{DefineSocial2005,
        AUTHOR = "D. Feil-Seifer., and M. J. Mataric",
        TITLE = "Defining Socially Assistive Robotics",
        BOOKTITLE = "In proceedings of the 2005 IEEE 9th International Conference on Rehabilitation Robotics",
        PAGE = "465-468",
        YEAR = "2005"
}
@article{AnalysisFactor2002,
        AUTHOR = "K. Wada, T. Shibata, T. Saito, and K. Tanie",
        TITLE = "Analysis of factors that bring mental effects to elderly people in robot assisted activity",
        BOOKTITLE = "In proceedings of the international Conference on Intelligent Robots and Systems",
        PAGE = "1152-1157",
        MONTH = "October",
        YEAR = "2002"
}
@article{AnimalAssist2002,
        AUTHOR = "N. Edwards and A. Beck",
        TITLE = "Animal-assisted therapy and nutrition in alzheimer's disease",
        JOURNAL = "Western Journal of Nursing Research",
        VOLUME = "24",
        NUMBER = "6",
        PAGE = "697-712",
        MONTH = "October",
        YEAR = "2002"
}
@article{ASIMO2011,
        AUTHOR = "Obringer, L. Ann and S. Jonathan",
        TITLE = "Honda ASIMO Robot",
        BOOKTITLE = "How Stuff Works",
        MONTH = "July",
        YEAR = "2011"
}
@article{DSMIV2000,
        AUTHOR = "American Psychiatric Association",
        TITLE = "Diagnostic and statistical manual of mental disorders: DSM-IV",
        BOOKTITLE = "Washington, DC: American Psychiatric Association",
        YEAR = "2000"
}
@article{RobotMovement,
        AUTHOR = "Pierno, A. C., Mari, M., Lusher, D., and Castiello, U",
        TITLE = "Robotic movement elicits visuomotor priming in children with autism",
        BOOKTITLE = "Neuropsychologia",
        PAGE = "448-454"
}
@article{EnhanceEmpiri2011,
        AUTHOR = "Tang, K., Diehl, J.J., Villano. M., Wier, K., Thomas, B., Shea, N., et al",
        TITLE = "Enhancing empirically-supported treatments for autism spectrum disorders: A case study using an interactive robot",
        BOOKTITLE = "the international meeting for autism research",
        YEAR = "2011"
}
@article{DOMER2011,
        AUTHOR = "Vallano, M., Crowell, C. R., Wier, K., Tang, K., Thomas, B., Shea, N., et al.",
        TITLE = "DOMER: A wizard of oz interface for using interactive robots to scaffold social skills for children with autism spectrum disorders",
        BOOKTITLE = "the ACM/IEEE international conference on human-robot interaction",
        PAGE = "279-280",
        YEAR = "2011"
}
@article{DoesMatter2006,
        AUTHOR = "B. Robins, K. Dautenhahn, and J. Dubowski",
        TITLE = "Does appearance matter in the interaction of children with autism with a humanoid robot?",
        JOURNAL = "Interaction Studies",
        VOLUME = "7",
        NUMBER = "3",
        PAGE = "479-512",
        YEAR = "2006"
}
@article{ToInteract2004,
        AUTHOR = "K. Dautenhahn and I. Werry",
        TITLE = "Towards interactive robots in autism therapy: background, motivation and challenges",
        JOURNAL = "Pragmatics and Cognition",
        VOLUME = "12",
        NUMBER = "1",
        PAGE = "35",
        YEAR = "2004"
}
@article{LookApproach1972,
        AUTHOR = "Churchill, D. W., and Bryson, C. Q.",
        TITLE = "Looking and approach behavior of psychotic and normal children as a function of adult attention and preoccupation",
        JOURNAL = "Comparative Psychiatry",
        VOLUME = "13",
        PAGE = "171-177",
        YEAR = "1972"
}
@article{DiffEffect1966,
        AUTHOR = "Hutt, C., and Vaizey, M. J.",
        TITLE = "Differential effects of group density on social behavior",
        JOURNAL = "Nature (London)",
        VOLUME = "209",
        PAGE = "1371-1372",
        YEAR = "1966"
}
@article{SysObserv1968,
        AUTHOR = "Sorosky, A. D., Omitz, E. M., Brown, N. B., and Ritvo, E. R.",
        TITLE = "Systematic observations of autistic behavior",
        JOURNAL = "Archives of General Psychiatry",
        VOLUME = "18",
        PAGE = "439-449",
        YEAR = "1968"
}
@article{AutisticDist1943,
        AUTHOR = "Kanner, L",
        TITLE = "Autistic distrubances of affective contact",
        JOURNAL = "Nervous Child",
        VOLUME = "2",
        PAGE = "217-250",
        YEAR = "1943"
}
@article{BehaviorlaStudy1964,
        AUTHOR = "Wolff, S., and Chess, S",
        TITLE = "A behavioral study of schizophrenic children",
        JOURNAL = "Acta Psychiatrica of Child Psychology and Psychiatry",
        VOLUME = "40",
        PAGE = "438-466",
        YEAR = "1964"
}
@article{RoboticMovement,
        AUTHOR = "Pierno, A. C., Mari, M., Lusher, D., and Castiello, U",
        TITLE = "Robotic movement elicits visuomotor priming in children with autism",
        JOURNAL = "Neuropsychologia",
        VOLUME = "46",
        PAGE = "448-454"
}
@article{Epidemiology1966,
        AUTHOR = "Lotter, V",
        TITLE = "Epidemiology of autistic conditions in young children",
        JOURNAL = "Social Psychiatry",
        VOLUME = "20",
        PAGE = "111-121",
        YEAR = "1966"
}
@article{BrokenMirror2006,
        AUTHOR = "Ramachandran, Vilayanur S., and Lindsay M. Oberman",
        TITLE = "Broken mirrors: A theory of autism",
        JOURNAL = "Scientific American",
        VOLUME = "295",
        NUMBER = "5",
        PAGE = "62-69",
        YEAR = "2006"
}
@article{LogicScien1959,
        AUTHOR = "Popper, K.",
        TITLE = "The logic of scientific discovery",
        YEAR = "1959"
}
@article{InfantileAutism1975,
        AUTHOR = "Bartak, L., Rutter, M., and Cox, A",
        TITLE = "A comparative study of infantile autism and specific developmental receptive language disorder",
        JOURNAL = "British Journal of Psychiatry",
        VOLUME = "126",
        PAGE = "127-145",
        YEAR = "1975"
}
@article{AutismDiagno1989,
        AUTHOR = "C. Lord, M.Rutter S. Goode, J. Heemsbergen, H. Jordan, L. Mawhood and E. Schopler",
        TITLE = "Autism Diagnostic Observation Schedule: A Standardized Observation of Communicative and Social Behavior",
        JOURNAL = "Journal of Autism and Developmental Disorders",
        VOLUME = "9",
        NUMBER = "2",
        YEAR = "1989"
}
@CONFERENCE{WearableDevice2016,
  AUTHOR =       "Kwon, J., Kim, D. H., Park, W., and Kim, L",
  TITLE =        "A wearable device for emotional recognition using facial expression and physiological response",
  BOOKTITLE =    "In Engineering in Medicine and Biology Society (EMBC), 2016 IEEE 38th Annual International Conference",
  YEAR =         "2016",
  MONTH =       "August"
}
@article{AssociationBetween2013,
        AUTHOR = "Stagg, S. D., Davis, R., and Heaton, P",
        TITLE = "Associations between language development and skin conductance responses to faces and eye gaze in children with autism spectrum disorder",
        JOURNAL = "Journal of autism and developmental disorders",
        VOLUME = "43",
        NUMBER = "10",
        PAGE = "2303-2311",
        YEAR = "2013"
}
@article{SympatheticSkin1984,
        AUTHOR = "Shahani, B. T., Halperin, J. J., Boulu, P. H., and Cohen, J",
        TITLE = "Sympathetic skin response--a method of assessing unmyelinated axon dysfunction in peripheral neuropathies",
        JOURNAL = "Journal of Neurology, Neurosurgery and Psychiatry",
        VOLUME = "47",
        NUMBER = "5",
        PAGE = "536-542",
        YEAR = "1984"
}
@CONFERENCE{PrincipalComponent2000,
  AUTHOR =       "Tarvainen, M. P., Karjalainen, P. A., Koistinen, A. S., and Valkonen-Korhonen, M. V",
  TITLE =        "Principal component analysis of galvanic skin responses",
  BOOKTITLE =    "In Engineering in Medicine and Biology Society, Proceedings of the 22nd Annual International Conference of the IEEE",
  YEAR =         "2000"
}
@article{SkinConduct2006,
        AUTHOR = "Kylli{\..a}inen, A., and Hietanen, J. K",
        TITLE = "Skin conductance responses to another person's gaze in children with autism",
        JOURNAL = "Journal of autism and developmental disorders",
        VOLUME = "36",
        NUMBER = "4",
        PAGE = "517-525",
        YEAR = "2006"
}
@article{SympatheticSkin1981,
        AUTHOR = "Lidberg, L., and Wallin, B. G.",
        TITLE = "Sympathetic skin nerve discharges in relation to amplitude of skin resistance responses",
        JOURNAL = "Psychophysiology",
        VOLUME = "18",
        NUMBER = "3",
        PAGE = "268-270",
        YEAR = "1981"
}
@CONFERENCE{DecodeChild2013,
  AUTHOR =       "Rehg, J., Abowd, G., Rozga, A., Romero, M., Clements, M., Sclaroff, S., and Rao, H",
  TITLE =        "Decoding children's social behavior",
  BOOKTITLE =    "In Proceedings of the IEEE conference on computer vision and pattern recognition",
  YEAR =         "2013"
}
@CONFERENCE{EmotionInten2014,
  AUTHOR =       "Liu, F., Liu, G., and Lai, X",
  TITLE =        "Emotional intensity evaluation method based on Galvanic skin response signal",
  BOOKTITLE =    "In Computational Intelligence and Design (ISCID), 2014 Seventh International Symposium",
  YEAR =         "2014"
}
@article{EmotionResp2013,
        AUTHOR = "Legisa, J., Messinger, D. S., Kermol, E., and Marlier, L",
        TITLE = "Emotional responses to odors in children with high-functioning autism: autonomic arousal, facial behavior and self-report",
        JOURNAL = "Journal of autism and developmental disorders",
        VOLUME = "43",
        NUMBER = "4",
        PAGE = "869-879",
        YEAR = "2013"
}
@article{ElectAct2000,
        AUTHOR = "Schmidt, S., and Walach, H",
        TITLE = "Electrodermal activity (EDA)-State-of-the-art measurement and techniques for parapsychological purposes",
        JOURNAL = "the Journal of Parapsychology",
        VOLUME = "64",
        NUMBER = "2",
        PAGE = "139",
        YEAR = "2000"
}
@article{HeteroKnow2016,
        AUTHOR = "Xu, B., Fu, Y., Jiang, Y. G., Li, B., and Sigal, L",
        TITLE = "Heterogeneous knowledge transfer in video emotion recognition, attribution and summarization",
        JOURNAL = "IEEE Transactions on Affective Computing",
        YEAR = "2016"
}
@CONFERENCE{Validation2013,
  AUTHOR =       "Kappas, A., K{\"u}ster, D., Basedow, C., and Dente, P.",
  TITLE =        "A validation study of the Affective Q-Sensor in different social laboratory situations",
  BOOKTITLE =    "In 53rd Annual Meeting of the Society for Psychophysiological Research",
  YEAR =         "2013"
}
@CONFERENCE{MultPercep2007,
  AUTHOR =       "Lin, Y. P., Wang, C. H., Wu, T. L., Jeng, S. K., and Chen, J. H.",
  TITLE =        "Multilayer perceptron for EEG signal classification during listening to emotional music",
  BOOKTITLE =    "In TENCON 2007-2007 IEEE Region 10 Conference",
  YEAR =         "2007"
}
@article{EmotionRecog2004,
        AUTHOR = "Nasoz, F., Alvarez, K., Lisetti, C. L., and Finkelstein, N",
        TITLE = "Emotion recognition from physiological signals using wireless sensors for presence technologies",
        JOURNAL = "Cognition, Technology and Work",
        VOLUME = "6",
        NUMBER = "1",
        PAGE = "4-14",
        YEAR = "2004"
}
@article{SupportVector1995,
        AUTHOR = "Cortes, C., and Vapnik, V",
        TITLE = "Support-vector networks",
        JOURNAL = "Machine learning",
        VOLUME = "20",
        NUMBER = "3",
        PAGE = "273-297",
        YEAR = "1995"
}
@CONFERENCE{Taxonomy2011,
  AUTHOR =       "Sano, A., and Picard, R. W.",
  TITLE =        "Toward a taxonomy of autonomic sleep patterns with electrodermal activity",
  BOOKTITLE =    "In Engineering in Medicine and Biology Society, EMBC, 2011 Annual International Conference of the IEEE",
  YEAR =         "2011"
}
@CONFERENCE{EmotionClassifi2014,
  AUTHOR =       "Jang, E. H., Park, B. J., Kim, S. H., Chung, M. A., Park, M. S., and Sohn, J. H",
  TITLE =        "Emotion classification based on bio-signals emotion recognition using machine learning algorithms",
  BOOKTITLE =    "In Information Science, Electronics and Electrical Engineering (ISEEE), 2014 International Conference",
  YEAR =         "2014"
}
@CONFERENCE{FeatureSelection2006,
  AUTHOR =       "Amershi, S., Conati, C., and McLaren, H.",
  TITLE =        "Using feature selection and unsupervised clustering to identify affective expressions in educational games",
  BOOKTITLE =    "In Workshop in Motivational and Affective Issues in ITS, 8th International Conference on Intelligent Tutoring Systems",
  YEAR =         "2006"
}
@article{EmotionalState2013,
        AUTHOR = "Swangnetr, M., and Kaber, D. B.",
        TITLE = "Emotional state classification in patient-robot interaction using wavelet analysis and statistics-based feature selection",
        JOURNAL = "IEEE Transactions on Human-Machine Systems",
        VOLUME = "43",
        NUMBER = "1",
        PAGE = "63-75",
        YEAR = "2013"
}
@article{EMGGSR2009,
        AUTHOR = "Laparra-Hern{\'a}ndez, J., Belda-Lois, J. M., Medina, E., Campos, N., and Poveda, R",
        TITLE = "EMG and GSR signals for evaluating user's perception of different types of ceramic flooring",
        JOURNAL = "International Journal of Industrial Ergonomics",
        VOLUME = "39",
        NUMBER = "2",
        PAGE = "326-332",
        YEAR = "2009"
}
@CONFERENCE{EDA2016,
  AUTHOR =       "Sharma, V., Prakash, N. R., and Kalra, P.",
  TITLE =        "EDA wavelet features as Social Anxiety Disorder (SAD) estimator in adolescent females",
  BOOKTITLE =    "In Advances in Computing, Communications and Informatics (ICACCI), 2016 International Conference",
  YEAR =         "2016"
}
@article{SlowEcho2009,
        AUTHOR = "Oberman, L. M., Winkielman P., and Ramachandran, V. S",
        TITLE = "Slow echo: Facial EMG evidence for the delay of spontaneous, but not voluntary, emotional mimicry in children with autism spectrum disorders",
        JOURNAL = "Developmental Science",
        VOLUME = "12",
        NUMBER = "4",
        PAGE = "510-520",
        YEAR = "2009"
}
@article{AmbulatorySys2003,
        AUTHOR = "Najafi, B., Aminian, K., Paraschiv-Ionescu, A., Loew, F., Bula, C. J., and Robert, P.",
        TITLE = "Ambulatory system for human motion analysis using a kinematic sensor: monitoring of daily physical activity in the elderly",
        JOURNAL = "IEEE Transactions on biomedical Engineering",
        VOLUME = "50",
        NUMBER = "6",
        PAGE = "711-723",
        YEAR = "2003"
}
@article{WaveletFilter1992,
        AUTHOR = "Vetterli, M., and Herley, C",
        TITLE = "Wavelets and filter banks: Theory and design",
        JOURNAL = "IEEE transactions on signal processing",
        VOLUME = "40",
        NUMBER = "9",
        PAGE = "2207-2232",
        YEAR = "1992"
}
@article{SignalDecomp1989,
        AUTHOR = "Mallat, S. G.",
        TITLE = "A theory for multiresolution signal decomposition: the wavelet representation",
        JOURNAL = "IEEE Transactions on pattern analysis and machine intelligence",
        VOLUME = "11",
        NUMBER = "7",
        PAGE = "674-693",
        YEAR = "1989"
}
@article{ContinuWavelet2009,
        AUTHOR = "Godfrey, A., Conway, R., Leonard, M., Meagher, D., and {\'O}laighin, G. M",
        TITLE = "A continuous wavelet transform and classification method for delirium motoric subtyping",
        JOURNAL = "IEEE Transactions on Neural Systems and Rehabilitation Engineering",
        VOLUME = "17",
        NUMBER = "3",
        PAGE = "298-307",
        YEAR = "2009"
}
@CONFERENCE{MultKernel2016,
  AUTHOR =       "Golshan, H. M., Hebb, A. O., Hanrahan, S. J., Nedrud, J., and Mahoor, M. H.",
  TITLE =        "A Multiple Kernel Learning approach for human behavioral task classification using STN-LFP signal",
  BOOKTITLE =    "In Engineering in Medicine and Biology Society (EMBC), 2016 IEEE 38th Annual International Conference",
  YEAR =         "2016"
}
@CONFERENCE{FFTSync2017,
  AUTHOR =       "Golshan, H. M., Hebb, A. O., Hanrahan, S. J., Nedrud, J., and Mahoor, M. H",
  TITLE =        "An FFT-based synchronization approach to recognize human behaviors using STN-LFP signal",
  BOOKTITLE =    "In Acoustics, Speech and Signal Processing (ICASSP), 2017 IEEE International Conference",
  YEAR =         "2017"
}
@article{ArousalValence2017,
        AUTHOR = "Greco, A., Valenza, G., Citi, L., and Scilingo, E. P",
        TITLE = "Arousal and valence recognition of affective sounds based on electrodermal activity",
        JOURNAL = "IEEE Sensors Journal",
        VOLUME = "17",
        NUMBER = "3",
        PAGE = "716-725",
        YEAR = "2017"
}
@CONFERENCE{EmotionClass2012,
  AUTHOR =       "Jang, E. H., Park, B. J., Kim, S. H., and Sohn, J. H.",
  TITLE =        "Emotion classification based on physiological signals induced by negative emotions: Discriminantion of negative emotions by machine learning algorithm",
  BOOKTITLE =    "In Networking, Sensing and Control (ICNSC), 2012 9th IEEE International Conference",
  YEAR =         "2012"
}













@article{FaceRecoSurvey2003,
        AUTHOR = "W. Zhao and R. Chellappa and P. J. Phillips and A. Rosenfeld",
        TITLE = "Face Recognition: A Literature Survey",
        JOURNAL = "ACM Computing Surveys",
        VOLUME = "35",
        NUMBER = "4",
        PAGES = "399-458",
        MONTH = "December",
        YEAR = "2003"
        }
@article{3DFaceSurvey2006,
        AUTHOR = "Kevin W. Bowyer and K. Chang and Patrick Flynn",
        TITLE = "A survey of Approaches and Challenges in 3D and Multi-Modal 3D+2D face recognition",
        JOURNAL = "Computer Vision and Image Understanding",
        PAGES = "1-15",
        Volume ="101",
        YEAR = "2006"
        }
@conference{FRGC2005,
        AUTHOR = "P. J. Phillips and P. J. Flynn and T. Scruggs and K. W. Bowyer and J. Chang and K. Hoffman and J. Marques and J. Min and W. Worek",
        TITLE = "Overview of the Face Recognition Grand Challenge",
        BOOKTITLE = "IEEE Conference on Computer Vision and Pattern Recognition",
        YEAR = "2005"
}
@article{Eigenface1991,
        AUTHOR = "M. Turk and A. Pentland",
        TITLE = "Eigenfaces for recognition",
        JOURNAL = "Journal of Cognitive Neuroscience",
        VOLUME = "3",
        NUMBER = "1",
        YEAR = "1991"
        }

@article{Eigenface1992,
        AUTHOR = "M. Turk and A. Pentland",
        TITLE = "Eigenfaces for recognition",
        JOURNAL = "Journal of Cognitive Neuroscience",
        VOLUME = "3",
        NUMBER = "1",
        YEAR = "1991"
        }

@CONFERENCE{CohnKandade2000,
  AUTHOR =       "T. Kandade and J. Cohn and Y. Tian",
  TITLE =        "Comprehensive Database for Face expression Analysis",
  BOOKTITLE =    "In Proceedings of the 4th IEEE International Conference of Automatic Face and Gesture Recognition (FG00)",
  YEAR =         "2000",
  MONTH =       " March"
}
@conference{AdaBoost,
        AUTHOR = "Paul Viola and Michael J. Jones",
        TITLE = "Rapid Object Detection using a Boosted Cascade of Simple Features",
        BOOKTITLE = "IEEE Conference on Computer Vision and Pattern Recogniton (CVPR)",
        YEAR = "2001"
}
@article{nasser05,
        AUTHOR = "A. N. Ansari and M. Abdel-Mottaleb",
        TITLE = "Automatic facial feature extraction and 3D face modeling using two
orthogonal views with application to 3D face recognition",
        JOURNAL = "Pattern Recognition",
        VOLUME = "38",
        PAGES = "2549-2563",
        NUMBER = "12",
        MONTH = "December",
        YEAR = "2005"
        }
@CONFERENCE{chang03,
    AUTHOR = "K. I. Chang and K. Bowyer and P. Flynn",
    TITLE = "Face recognition using 2D and 3D facial data",
    BOOKTITLE = "Multimodal User Authentication Workshop",
    MONTH = "December",
    pages = "25-32",
    YEAR = "2003"
    }
@conference{west05,
    AUTHOR = "T. Maurer and D. Guigonis and I. Maslov and B. Pesenti and A. Tsaregorodtsev and D. West and G. Medioni",
    TITLE = "Performance of geometrix activeidtm 3D face recognition engine on the frgc data",
    BOOKTITLE = "IEEE Workshop on Face Recognition Grand Challenge Experiments",
    MONTH = "June",
    YEAR = "2005"
    }
@conference{scheestra05,
    AUTHOR = "A. Scheenstra and A. Ruifrok and R.C. Veltkamp",
    TITLE = "A survey of 3D face recognition methods",
    BOOKTITLE = "International Conference on Audio- and Video-based Biometric Person Authentication (AVBPA 2005)",
    VOLUME = "35",
    MONTH = "July",
    YEAR = "2005"
    }
@inproceedings{achermann97,
        AUTHOR = "B. Achermann and X. Jiang and H. Bunke",
        TITLE = " Face recognition using range images",
        BOOKTITLE = "International Conference on Virtual Systems and MultiMedia",
        PAGES = "129-136",
        YEAR = "1997"
        }
@conference{pan05,
        AUTHOR = "G. Pan and S. Han and Z. Wu and Y. Wang",
        TITLE =  "3D face recognition using mapped depth images",
        BOOKTITLE = "IEEE Workshop on Face Recognition Grand Challenge Experiments",
        MONTH = "June",
        YEAR = "2005"
        }
@conference{hesher03,
    AUTHOR = "C. Hesher and A. Srivastava and G. Erlebacher",
    TITLE = "A novel technique for face recognition using range imaging",
    BOOKTITLE = "Seventh International Symposium on Signal Processing and Its Applications",
    YEAR = "2003"
    }
@CONFERENCE{gordon92,
    AUTHOR = "G. Gordon",
    TITLE = "Face recognition based on depth and curvature features",
    BOOKTITLE = "Computer Vision and Pattern Recognition (CVPR)",
    MONTH = "June",
    YEAR = "1992"
    }

@CONFERENCE{gordon91,
    AUTHOR = "G. Gordon",
    TITLE = "Face Recognition from Depth Maps and Surface Curvature",
    BOOKTITLE = "in Proc. of SPIE, Geometric Methods in Computer Vision, San Diego",
    MONTH = "July",
    VOLUME = "1570",
    YEAR = "1991"
    }

@CONFERENCE{lu05,
    AUTHOR = "X. Lu and A. K. Jain",
    TITLE = "Deformation analysis for 3D face matching",
    BOOKTITLE = "7th IEEE Workshop on Applications of Computer Vision",
    YEAR = "2005"
    }
@ARTICLE{huttenlocher93,
    AUTHOR = "D. P. Huttenlocher and G. A. Klanderman and W. J. Rucklidge",
    TITLE = "Comparing images using the Hausdorff distance",
    JOURNAL = "IEEE Transactions on Pattern Analysis and Machine Intelligence (PAMI)",
    VOLUME = "15",
    NUMBER = "9",
    PAGES = "850-863",
    YEAR = "1993"
    }
@ARTICLE{huttenlocher99,
    AUTHOR = "D. P. Huttenlocher and R. Lilien and C. Olson",
    TITLE = "View-based recognition using an eigenface approximation to the hausdorff measure",
    JOURNAL = "IEEE Transactions on Pattern Analysis and Machine Intelligence (PAMI)",
    VOLUME = "21",
    NUMBER = "9",
    PAGES = "951-955",
    YEAR = "1993"
    }
@inproceedings{achermann00,
    AUTHOR = "B. Achermann and H. Bunke",
    TITLE = "Classifying range images of human faces with hausdorff distance",
    BOOKTITLE = "In International Conference on Pattern Recognition (ICPR)",
    MONTH = "Sep.",
    VOLUME = "2",
    PAGES = "809-813",
    YEAR = "2000"
    }

@conference{dubisson94,
    AUTHOR = "M. Dubisson and A. K. Jain",
    TITLE = "A Modified Hausdorff Distance for Object Matching",
    BOOKTITLE = "12th Intertaional Conference Pattern Recognition (ICPR), Jerusalem, Israel",
    MONTH = "Oct.",
    YEAR = "1994"
    }
@article{sim99,
    AUTHOR = "Dong-Gyu Sim and Oh-Kyu Kwon and Rae-Hong Park",
    TITLE = "Object matching algorithms using robust Hausdorff distance measures",
    JOURNAL = "IEEE Transactions on Image Processing",
    VOLUME = "8",
    NUMBER = "3",
    PAGES = "425-429",
    MONTH = "March",
    YEAR = "1999"
    }
@book{rousseeuw87,
    AUTHOR = "P. J. Rousseeuw and A. M. Leroy",
    TITLE =  "Robust Regression and Outlier Detection",
    PUBLISHER = "New York: Wiley",
    YEAR = "1987"
    }
@conference{russ04,
    AUTHOR = "T. D. Russ and K. W. Koch and C. Q. Little ",
    TITLE = "3D facial recognition: a quantitative analysis",
    BOOKTITLE = "45-th Annual Meeting of the Institute of Nuclear Materials Management (INMM)",
    MONTH = "July",
    YEAR = "2004"
    }
@conference{russ05,
    AUTHOR = "T. D. Russ and K. W. Koch and C.Q. Little",
    TITLE = "A 2D range Hausdorff approach for 3D face recognition",
    BOOKTITLE = "IEEE Workshop on Face Recognition Grand Challenge Experiments",
    MONTH = "June",
    YEAR = "2005"
    }
@conference{chang05,
    AUTHOR = "K. I. Chang and K. W. Bowyer and P. J. Flynn ",
    TITLE = "Adaptive rigid multi-region selection for handling expression variation in 3D face recognition",
    BOOKTITLE = "IEEE Workshop on Face Recognition Grand Challenge Experiments",
    MONTH = "June",
    YEAR = "2005"}

@conference{Moreno04,
    AUTHOR = "A. B. Moreno and A. Sanchez",
    TITLE = "Gavab: A 3D Face Database",
    BOOKTITLE = "2nd COST Workshop on Biometrics on the Internet: Fundamentals, Advances and Applications",
    YEAR = "2004"
    }

@article{vetter03,
    AUTHOR = "V. Blanz and T. Vetter",
    TITLE = "Face recognition based on fitting a 3D morphable model",
    JOURNAL = "IEEE Transactions on Pattern Analysis and Machine Intelligence (PAMI)",
    NUMBER = "25",
    PAGES = "1063-1074",
    MONTH = "Sep.",
    YEAR = "2003"
    }

@conference{tanaka98,
    AUTHOR = "H. T. Tanaka and M. Ikeda and H. Chiaki",
    TITLE = "Curvature-based face surface recognition using spherical correlation principal directions for curved object recognition",
    BOOKTITLE = "Third International Conference on Automated Face and Gesture Recognition",
    YEAR = "1998"
    }
@conference{lee90,
    AUTHOR = "J. C. Lee and E. Milios",
    TITLE = "Matching Range Images of Human Faces",
    BOOKTITLE = "Proc. IEEE Soc. 3rd Int. Conf. on Computer Vision (ICCV)",
    YEAR = "1990"
    }
@Article{Rowley98,
        AUTHOR = "H. Rowley and S. Baluja and T. Kanade",
        TITLE = "Neural Network-Based Face Detection",
        JOURNAL = "IEEE Transactions on Pattern Analysis and Machine Intelligence (PAMI)",
        VOLUME = "20",
        PAGES = "23-28",
        NUMBER = "1",
        MONTH = "Jan.",
        YEAR = "1998"}

@Article{Mottaleb02,
        AUTHOR = "R. L. Hsu  and M. Abdel-Mottaleb and A. K. Jain",
        TITLE = "Face Detection in Color Images",
        JOURNAL = "IEEE Transactions on Pattern Analysis and Machine Intelligence (PAMI)",
        VOLUME = "24",
        PAGES = "696-706",
        YEAR = "2002",
        NUMBER = "5",
        MONTH = "May"
}

@conference{Passalis05,
    AUTHOR = "G. Passalis and I. Kakadiaris and T. Theoharis and G. Toderici and N. Murtuza",
    TITLE = "Evalutaion of 3D face recognition in the presence of facial expressions:
    an annotated deformable model approach",
    BOOKTITLE = "IEEE Workshop on Face Recognition Grand Challenge Experiments",
    MONTH = "June",
    YEAR = "2005"}


@Article{Lagarias98,
        AUTHOR = "J.C. Lagarias and J. A. Reeds and M. H. Wright and P. E. Wright,",
        TITLE = "Convergence Properties of the Nelder-Mead Simplex Method in Low Dimensions",
        JOURNAL = "SIAM Journal of Optimization",
        VOLUME = "9",
        YEAR = "1998",
        NUMBER = "1",
        PAGES = "112-147"}

@conference{Moreno05_1,
    AUTHOR = "A. Belen Moreno and Angel Sanchez and Jose Fco. Velez and Fco. Javier Dkaz",
    TITLE = "Face Recognition Using 3D Local Geometrical Features: PCA vs. SVM",
    BOOKTITLE = "Fourth International Symposium on Image and Signal Processing and Analysis (ISPA 2005)",
    MONTH = "September",
    YEAR = "2005"
    }

@conference{Moreno05_2,
    AUTHOR = "A. B. Moreno and Angel Sanchez and Jose Fco. Velez",
    TITLE = "Voxel-based 3D face representations for recognition",
    BOOKTITLE = "12th International Workshop on Systems, Signals and Image Processing (IWSSIP'05)",
    MONTH = "September",
    YEAR = "2005"
    }
@conference{Moreno03,
    AUTHOR = "Ana Belen Moreno and Angel Sanchez and Jose Fco. Velez and Fco. Dkaz",
    TITLE = "Face recognition using 3D surface-extracted descriptors",
    BOOKTITLE = "Irish Machine Vision and Image Processing Conference 2003 (IMVIP'03)",
    MONTH = "September",
    YEAR = "2003"
    }
@article{lu06,
 author = "Xiaoguang Lu and Anil K. Jain and Dirk Colbry",
 title = "Matching 2.5D Face Scans to 3D Models",
 journal = "IEEE Transactions on Pattern Analysis and Machine Intelligence",
 volume = "28",
 pages = "31-43",
 number = "1",
 year = "2006"
 }
@article{procrustes,
    AUTHOR = "J. R. Hurley and R. B. Cattell",
    TITLE = "The Procrustes Program: Producing Direct Rotation to Test a Hypothesized Factor Structure",
    JOURNAL = "Behavioral Science",
    PAGES = "258-262",
    YEAR = "1962"
    }
@article{besl92,
    AUTHOR = "P. besl and N. McKay",
    TITLE = "A Method for Registration of 3-D Shapes",
    JOURNAL = "IEEE Transactions on Pattern Analysis and Machine Intelligence",
    PAGES = "239-256",
    VOLUME = "14",
    NUMBER = "2",
    YEAR = "1992"
    }
@article{chen92,
    AUTHOR = "Y. Chen and G. Medioni",
    TITLE = "Object Modeling by Registration of Multiple Range Images",
    JOURNAL = "Image and Vision Computing",
    PAGES = "145-155",
    VOLUME = "10",
    NUMBER = "3",
    YEAR = "1992"
    }

@conference{Chen91,
    AUTHOR = "Y. Chen and G. Medioni",
    TITLE = "Object Modeling by Registration of Multiple Range Images",
    BOOKTITLE = "Proc. IEEE Conf. on Robotics and Automation",
    YEAR = "1991"
    }
@article{zhang94,
    AUTHOR = "Z. Zhang",
    TITLE = "Iterative Point Matching for Registration of free-form Curves and Surfaces",
    JOURNAL = "International Journal of Computer Vision",
    PAGES = "119-152",
    VOLUME = "13",
    NUMBER = "1",
    YEAR = "1994"
    }
@MISC{FRVT2002,
        AUTHOR = "P. J. Phillips and P. J. Grother and R. J. Michaels and D. M. Blackburn and E. Tabassi and J. M. Bone",
        TITLE = "Face Recognition Vendor Test 2002: Evaluation Report",
        INSTITUTION = "NISTIR 6965",
        ADDRESS = "Available online at http://www.frvt.org",
        YEAR = "2003"
        }

@MISC{FRVT2000,
        AUTHOR = "D. Blackburn and M. Bone and P. J. Phillips",
        TITLE = "Face Recognition Vendor Test 2000. Technical Report",
        ADDRESS = "Available online at http://www.frvt.org",
        INSTITUTION = "NISTIR",
        YEAR = "2001"
        }

@article{FERET2000,
        AUTHOR = "P. J. Phillips and H. Moon S. Rizvi and P. Pauss",
        TITLE = "The FERET Evaluation Methodology for Face-Recognition Algorithms",
        JOURNAL = "IEEE Trans. on Pattern Analysis and Machine Intelligence",
        VOLUME = "22",
        YEAR = "2000"
        }
@book{Garfinkel2000,
    AUTHOR = "Simson Garfinkel",
    TITLE =  "Database Nation: The Death of Privacy in the 21st Century",
    PUBLISHER = "ORielly and Asssociates",
    YEAR = "2000"
    }

@conference{FRVT2006,
        TITLE = "Face Recognition Vendor Test 2006",
        INSTITUTION = "NISTIR",
        ADDRESS = "Available online at http://www.frvt.org",
        YEAR = "2006"
        }

@MISC{identix,
  title =       {http://www.identix.com}
}
@MISC{premiereletct,
  title =       {http://www.premierelect.co.uk}
}
@MISC{facekey,
  title =       {http://www.facekey.com.}
}
@MISC{viisage,
  title =       {http://www.viisage.com}
}

@MISC{maximus,
  title =       {http://www.maximus.com/corporate/pages}
}

@MISC{imagistechnologies,
  title =       {http://www.imagistechnologies.com/}
}

@MISC{yale_faceDatabase,
  title =       {http://cvc.yale.edu}
}


@inproceedings{kuchinskey99,
        AUTHOR = "A. Kuchinsky and C. Pering and M. Creech and D. Freeze and B. Serra and J. Gvvizdka.",
        TITLE = "FotoFile: A Consumer Multimedia Organization and Retrieval System",
        BOOKTITLE = "the CHI'99 Conference on Human Factors in Computing Systems",
        YEAR = "1999",
        ADDRESS = "Pennsylvania, U.S.A"
        }

@article{Houghton99,
    AUTHOR = "R. Houghton",
    TITLE = "Named faces: putting names to faces",
    JOURNAL = "IEEE Intelligent Systems Magazine",
    PAGES = "45-50",
    VOLUME = "14",
    NUMBER = "5",
    YEAR = "1999"
    }

@article{Charay05,
    AUTHOR = " Charay Lerdsudwichai and Mohamed Abdel-Mottaleb and A-Nasser Ansari",
    TITLE = "Tracking multiple people with recovery from partial and total occlusion",
    JOURNAL = "Pattern Recognition",
    PAGES = "1059-1070",
    VOLUME = "38",
    NUMBER = "7",
    MONTH = "July",
    YEAR = "2005"
    }

@inproceedings{Cohen03,
    AUTHOR = "I. Cohen and N. Sebe and F. Cozman and M.Cirelo and T. Huang",
    TITLE = "Learning Bayesian network classifiers for facial expression recognition using both labeled and unlabeled data",
    BOOKTITLE = "Proceedings of IEEE International conference on Computer Vision ans Pattern
Recognition",
    YEAR = "2003"
    }

@article{Hong02,
    AUTHOR = "P. Hong, Z. Wen, and S. Huang",
    TITLE = "Real-time speech-driven expressive synthetic talking faces using neural networks",
    JOURNAL = "IEEE Transaction on Neural Networks",
    PAGES = "916-927",
    VOLUME = "13",
    NUMBER = "4",
    YEAR = "2002"
    }

@conference{mottaleb00,
        AUTHOR = "M. Abdel-Mottaleb",
        TITLE = "Image Retrieval based on edge representation",
        BOOKTITLE = "The 7th International Conference on Image Processing",
        MONTH = "September",
        YEAR = "2000"
        }

@inproceedings{mottaleb97,
        AUTHOR = "M. Abdel-Mottaleb and N. Dimitrova and R. Desai and J. Martino",
        TITLE = "CONIVAS: CONtentbased Image and Video Access System",
        BOOKTITLE = "ACM Multimedia96, Boston",
        YEAR = "1996"
        }
@article{li93,
    AUTHOR = "H. Li and P. Roivainen and R. Forchheimer",
    TITLE = "3-D motion estimation in model-based facial image coding",
    JOURNAL = "IEEE Transaction on Pattern Analysis and Machine Intelligence",
    PAGES = "545-555",
    VOLUME = "10",
    YEAR = "1993"
    }
@article{park_05,
author = {Bo-Gun Park and Kyoung-Mu Lee and Sang-Uk Lee},
title = {Face Recognition Using Face-ARG Matching},
journal = {IEEE Transactions on Pattern Analysis and Machine Intelligence},
volume = {27},
number = {12},
year = {2005},
pages = {1982-1988}
}
@article{Wiskott97,
author = {L. Wiskott and J. M. Fellous and N. Kruger and C. von der Malsburg},
title = {Face Recognition by Elastic Bunch Graph Matching},
journal = {IEEE Transactions on Pattern Analysis and Machine Intelligence},
volume = {19},
number = {7},
year = {1997},
pages = {775-779}
}
@INPROCEEDINGS{Messer99,
  AUTHOR =       "K. Messer and J. Matas and J. Kittler and J. Luettin and G. Maitre",
  TITLE =        "XM2VTSD: The Extended M2VTS Database",
  BOOKTITLE =    "In Proceedings, International Conference on Audio- and Video-Based Person Authentication",
  YEAR =         "1999",
  pages =        "72-77"
}

@conference{Maurer05,
    AUTHOR = "T. Maurer and D. Guigonis and I. Maslov and B. Pesenti and A. Tsaregorodtsev and D. West and G. Medioni",
    TITLE = "Performance of geometrix activeid 3D face recognition engine on the frgc data",
    BOOKTITLE = "IEEE Workshop on Face Recognition Grand Challenge Experiments",
    MONTH = "June",
    YEAR = "2005"
    }
@conference{cooks_06,
    AUTHOR = "J. A. Cook and V. Chandran and C. Fookes",
    TITLE = "3D Face Recognition using Log-Gabor Templates",
    BOOKTITLE = "The 17th British Machine Vision Conference (BMVC)",
    MONTH = "September",
    YEAR = "2006"
    }
@inproceedings{Husken_05,
 author = {Michael Husken and Michael Brauckmann and Stefan Gehlen and Christoph Von der Malsburg},
 title = {Strategies and Benefits of Fusion of 2D and 3D Face Recognition},
 booktitle = {Proceedings of the 2005 IEEE Computer Society Conference on Computer Vision and Pattern Recognition (CVPR'05) - Workshops},
 year = {2005},
 pages = {174}}

@MISC{frost06,
     AUTHOR = {Frost and Sullivan},
     TITLE = {World Face Recognition Biometrics Market},
     ADDRESS = {http://www.autoid.frost.com},
     YEAR = {2006}
        }


@conference{ffe1,
author = "Seiji Kobayashi and Shuji Hashimoto",
title = "Automated Feature Extraction of Face Image and Its Applications",
booktitle = "International Workshop on Robot and Human Communication",
pages = "164-169",
year = "1995"
 }
@conference{ffe2,
author = "Francesco G.B. De Natale and Daniele D. Giusto and Fabrizio Maccioni",
title = "A Symmetry-Based Approach to Facial Features Extraction",
booktitle = "13th International Conference on DSP",
volume = "2",
month = "July",
pages = "521-525",
year = "1997"
}
@conference{ffe3,
author = "A. Nikolaidis and C. Kotropoulos and I. Pitas",
title = "Facial feature extraction using Adaptive Hough Transform, template matching and active contour models",
booktitle = "13th International Conference on DSP",
volume = "2",
pages = "865-868",
month = "July",
year = "1997"
}
@conference{ffe4,
author = "C.M. Lau and W.K. Cham and H.T. Tsui and K.N. Ngan",
title = "An energy function for facial feature extraction",
booktitle = "International Symposium on Intelligent Multimedia, Video and Speech Processing",
volume = "1",
pages = "348-351",
year = "2001"
}
@conference{ffe5,
author = "G. Yen and N. Nithianandan",
title = "Facial Feature Extraction Using Genetic Algorithm",
booktitle = "Congress on Evolutionary Computation",
year = "2002",
page = "1895-1900"
}

@conference{ffe6,
author = "Kap-Ho Seo and Won Kim and Changmok Oh and Ju-Jang Lee",
title = "Face detection and facial feature extraction using color snake",
booktitle = "IEEE International Symposium on Industrial Electronics",
pages = "457- 462",
volume = "2",
year = "2002"
}
@conference{ffe7,
        AUTHOR = "D. Xi and  S.W. Lee",
        TITLE = "Face Detection and Facial Component Extraction by Wavelet Decomposition and Support Vector Machines",
        BOOKTITLE = "4th International Conference on Audio- and Video-based Biometric Person Authentication (AVBPA)",
        YEAR = "2003",
        PAGES = "199-207"}

@conference{ffe8,
author = "Kyung-A Kim and Se-Young Oh and Hyun-Chul Choi",
title = "Facial Feature Extraction Using PCA and Wavelet Multi-Resolution",
booktitle = "Face and Gesture Recognition",
year = "2004",
pages = "439-444"
}

@conference{ImprovedASM_2002,
        AUTHOR = "W. Wang and S. Shan and W. Gao and B. Cao and B. Yin",
        TITLE = "An Improved Active Shape Model Face Alignment",
        BOOKTITLE = "International Conference on Multimedia",
        YEAR = "2002",
        PAGES = "523-528"}

@conference{Bram_Ginneken01,
        AUTHOR = "B. Van Ginneken and A.F. Frangi and J.J. Staal and B.M. Ter Haar Romeny and M.A. Viergever",
        TITLE = "A Non-Linear Gray-Level Appearance Model Improves Active Shape Model
Segmentation",
        BOOKTITLE ="IEEE workshop on Mathematical Models in Biomedical Image Analysis",
        YEAR = "2001",
        PAGES = "205-212"
        }
@Article{Cootes_1,
    author = "T.F. Cootes and D. Cooper and C.J. Taylor and J. Graham",
    title = "Active Shape Models - Their Training and Application.",
    journal =  "Computer Vision and Image Understanding",
    volume = "61",
    number = "1",
    month = "Jan.",
    year =  "1995",
    pages = "38-59"
}

@Article{Cootes_2,
    author = "A. Lanitis and C.J. Taylor and T.F. Cootes",
    title = "Automatic Interpretation and Coding of Face Images Using Flexible Models",
    journal = "IEEE Transaction on Pattern Analysis and Machine Intelligence",
    volume =  "19",
    number = "7",
    pages =  "743-756",
    month = "July",
    year = "1997"
}
@conference{ASM_Wavelet03_1,
        AUTHOR = "B. Zhang and W. Gao and S. Shan and W. Wang",
        TITLE = "Constraint Shape Model Using Edge Constraint and Gabor Wavelet Based Search",
        BOOKTITLE = "4th International Conference on Audio- and Video-based Biometric Person Authentication (AVBPA)",
        YEAR = "2003",
        PAGES = "52-61"
        }
@conference{ASM_Wavelet03_2,
        AUTHOR = "F. Jiao and S. Li and H.Y. Shum  and D. Schuurmans",
        TITLE = "Face alignment using statistical models and wavelet features",
        BOOKTITLE = "Computer Vision and Pattern Recognition",
        YEAR = "2003",
        PAGES = "I: 321-327"}
@conference{ASM_Wavelet03_3,
        AUTHOR = "C. Hu and R.S. Feris and M. Turk",
        TITLE = "Active Wavelet Networks for Face Alignment",
        BOOKTITLE = "British Machine Vision Conference",
        YEAR = "2003"
       }
@conference{ffe9,
        AUTHOR = "Kin-Man Lam and Yan-Lin Li",
        TITLE = "An Efficient Approach for Facial Fetaure Detection",
        BOOKTITLE = "4th International Conference on Image Processing",
        YEAR = "1998",
        VOLUME = "2"
       }
@conference{ffe10,
        AUTHOR = "Yasushi Yagi",
        TITLE = "Facial Feature Extraction'from Frontal Face Image",
        BOOKTITLE = "International Confernce on Signal Processing",
        YEAR = "2000"
       }
@conference{ffe11,
        AUTHOR = "Z. Xue and Stan Z. Li and Dinggang Shen and Eam Khwang Tcoh",
        TITLE = "A Novel Bayesian Shape Model for Facial Feature Extraction",
        BOOKTITLE = "Seventh International Caderenee on Control, Automation, Robotics And Vision (ICMCV02)",
        YEAR = "2002"
       }
@conference{ffe12,
        AUTHOR = "Yongli Hu and Baocai Yin and Dehui Kong",
        TITLE = "A New Facial Feature Extraction Method Based on Linear Combination Model",
        BOOKTITLE = "International Conference on Web Intelligence",
        YEAR = "2003"
       }
@conference{ffe13,
        AUTHOR = "A. Gunduz and H. Krim",
        TITLE = "Facial Feature Extraction Using Topological Methods",
        BOOKTITLE = "International Conference on Image Processing(ICIP)",
        YEAR = "2003",
        PAGES = "I: 673-676"
       }
@conference{ffe14,
        AUTHOR = "Kenji Nagao",
        TITLE = "Bayesian Approach with Nonlinear Kernels to Feature Extraction",
        BOOKTITLE = "17th International Conference on Pattern Recognition (ICPR04)",
        YEAR = "2004"
       }

@Article{McInerney96,
        AUTHOR = "T. McInerney and D. Terzopoulos",
        TITLE = "Deformable Models in medical image analysis: a survey",
        JOURNAL = "Medical Image Analysis",
        VOLUME = "2",
        YEAR = "1996",
        NUMBER = "1",
        PAGES = "91-108"
        }
@conference{mahoor06,
        AUTHOR = "M.H. Mahoor and M. Abdel-Mottaleb",
        TITLE = "Facial Features Extraction in Color Images Using Enhanced Active Shape Model ",
        BOOKTITLE = "Seventh International Conference on Automatic Face and Gesture Recognition",
        YEAR = "2006"
}
@conference{shan04,
        AUTHOR = "S. Shan, Y. Chang, W. Gao, and B. Gao",
        TITLE = "Curse of mis-alignment in face recogniton: Problem and a novel mis-alignmnet learing solution",
        BOOKTITLE = "In Proc. IEEE International Conference on Automatic Face and Gesture Recognition",
        YEAR = "2004",
        PAGES = "314-320"
       }

@Article{Yang02,
        AUTHOR = "Ming-Hsuan Yang and David Kriegman and Narendra Ahuja",
        TITLE = "Detecting Faces in Images: A Survey",
        JOURNAL = "IEEE Transactions on Pattern Analysis and Machine Intelligence",
        VOLUME = "24",
        YEAR = "2002",
        NUMBER = "1",
        PAGES = "34-58"
        }

@Article{chellappa95,
        AUTHOR = "R. Chellappa and C. Wilson and S. Sirohey",
        TITLE = "Human and machine recognition of faces: A survey",
        JOURNAL = "Proceedings of the IEEE",
        VOLUME = "83",
        YEAR = "1995",
        NUMBER = "5",
        PAGES = "705-740"
        }


@Article{Beumier00,
        AUTHOR = "C. Beumier and M. Acheroy",
        TITLE = "Automatic 3D face authentication",
        JOURNAL = "Image Vision Computing",
        VOLUME = "18",
        YEAR = "2000",
        NUMBER = "4",
        PAGES = "315-321"
        }


@CONFERENCE{pan03,
  author =       {G. Pan and Y. Wu and Z. Wu and W. Liu},
  title =        {3D Face Recognition by Profile and Surface Matching},
  booktitle =    {Proc. IEEE International Joint Conference on Neural Networks},
  year =         {2003},
  pages  =       {2168-2174}
  }

@CONFERENCE{chua00,
  author =       {C. Chua and F. Han and Y. Ho},
  title =        {3D Human Face Recognition Using Point Signature},
  booktitle =    {Proc. IEEE International Conference on Automatic Face and Gesture Recognition},
  year =         {2000},
  pages  =       {233-238}
  }

@Article{Johnson99,
        AUTHOR = "A. Johnson and M. Hebert",
        TITLE = "Using spin images for efficient object recognitionin cluttered 3D scenes",
        JOURNAL = "IEEE Transaction on Pattern Analysis and Machine Intelligence",
        VOLUME = "21",
        YEAR = "1999",
        NUMBER = "5",
        PAGES = "433-449"
        }

@Article{Osada02,
        AUTHOR = "R. Osada and T. Funkhouser and B. Chazelle and D. Dobkin",
        TITLE = "Shape distributions",
        JOURNAL = "ACM Trans. on Graphics",
        VOLUME = "21",
        YEAR = "2002",
        NUMBER = "4",
        PAGES = "807-832"
        }

@CONFERENCE{wu04,
  author =       {Z. Wu and Y. Wang and G. Pan},
  title =        {3D face recognition using local shape map},
  booktitle =    {Proc. IEEE International Conference on Image Processing},
  year =         {2004},
  pages  =       {2003-2006},
  Volume =       {3},
  Month =        {October}
  }


@ARTICLE{wang02,
  AUTHOR =       {Y. Wang and C. Chua and Y. Ho},
  TITLE =        {Facial feature detection and face recognition from 2D and 3D images},
  JOURNAL =      {Pattern Recognition Letters},
  YEAR =         {2002},
  volume =       {23},
  pages =       {1191-1202}
}

@CONFERENCE{lu05_techrep,
  author =       {X. Lu and A. K. Jain},
  title =        {Multimodal facial feature extraction for automatic 3D face recognition},
  booktitle =    {Technical Report MSU-CSE-05-22, Department of Computer Science, Michigan State University, East Lansing, Michigan},
  year =         {2005},
  Month =        {August}
  }

@CONFERENCE{bowyer04,
  author =       {K. Bowyer and K. Chang and P. Flynn},
  title =        {A Survey of Approaches to Three-Dimensional Face Recognition},
  booktitle =    {Proc. of International Conference on Pattern Recognition, Cambridge, England},
  year =         {2004},
  pages =        {358-361},
  Month =        {August}
  }

@article{goldstein71,
        AUTHOR = "A.J. Goldstein and  L.D. Harmon and A.B. Lesk",
        TITLE = "Identification of Human Faces",
        JOURNAL = PIEEE,
        VOLUME = "59",
        YEAR = "1971",
        NUMBER = "5",
        MONTH = "May",
        PAGES = "748-760"}


@TECHREPORT{chan65,
  AUTHOR =       {H. Chan and W. Bledos},
  TITLE =        {A man-machine facial recognition system: some preliminary results},
  INSTITUTION =  {Technical report, Panaromic Research Inc},
  YEAR =         {1965},
  address =      {California}
}

@ARTICLE{kirby90,
  AUTHOR =       {M. Kirby and L. Sirovich},
  TITLE =        {Application of the Karhunen-Loeve procedure for the characterization of human faces},
  JOURNAL =      {IEEE Trans. on Patt. Anal. Mach. Intell},
  YEAR =         {1990},
  volume =       {12},
}

@ARTICLE{sirovich87,
  AUTHOR =       {L. Sirovich and M. Kirby},
  TITLE =        {Low-dimensional procedure for the characterization of human face},
  JOURNAL =      {Journal of Opt. Soc.},
  YEAR =         {1987},
  volume =       {4},
  pages =       {519-524}
}

@ARTICLE{ruderman94,
  AUTHOR =       {D. Ruderman},
  TITLE =        {The statistics of natural images},
  JOURNAL =      {Network : Computation in Neural Systems},
  YEAR =         {1994},
  volume =       {5},
  pages =       {598-605}
}


@ARTICLE{penev96,
  AUTHOR =       {P. Penev and J. Attick},
  TITLE =        {Local feature analysis: A general statistical theory for objecct representation},
  JOURNAL =      {Network : Computation in Neural Systems},
  YEAR =         {1996},
  volume =       {5},
  pages =       {477-500}
}

@CONFERENCE{penev00,
  author =       {P. Penev and L. Sirovich},
  title =        {The global dimensionality of face space},
  booktitle =    {In Proceedings, International Conference on Automatic Face and Gesture Recognition},
  year =         {2000}
}


@ARTICLE{lanitis95,
  AUTHOR =       {A. Lanitis and C. J. Taylor and T. F. Cootes},
  TITLE =        {An automatic face identification system using flexible appearance models},
  JOURNAL =      {Image Vis. Comput.},
  YEAR =         {1995},
  volume =       {13},
  pages =       {393-401}
}

@PHDTHESIS{zhao99_thesis,
  AUTHOR =       {W. ZHAO},
  TITLE =        {Robust Image Based 3D Face Recognition},
  SCHOOL =       {University of Maryland, College Park, MD},
  YEAR =         {1999},
  type =         {Ph.D. dissertation}
}

@PHDTHESIS{lu06_thesis,
  AUTHOR =       {X. Lu},
  TITLE =        {3D Face Recognition across Pose and Expression},
  SCHOOL =       {Michigan State University},
  YEAR =         {2006},
  type =         {Ph.D. dissertation}
}

@PHDTHESIS{Rusinkiewicz_thesis,
  AUTHOR =       {Szymon Marek Rusinkiewicz},
  TITLE =        {Real-Time Acquisition and Rendering of Large 3D Models},
  SCHOOL =       {University of Stanford, CA},
  YEAR =         {August 2001},
  type =         {Ph.D. dissertation}
}

@article{moghaddam97,
        AUTHOR = "B. Moghaddam B. and A. Pentland",
        TITLE = "Probabilistic Visual Learning For Object Representation",
        JOURNAL = "IEEE Trans. Patt. Anal. Mach. Intell.",
        VOLUME = "19",
        YEAR = "1997",
        NUMBER = "7",
        MONTH = "July",
        PAGES = "696-710"}


@article{Lin97,
        AUTHOR = "S. H. Lin and S. Y. Kung and L. J. Lin",
        TITLE = "Face recognition/detection by probabilistic decisionbased neural network",
        JOURNAL = "IEEE Trans. on Neural Network",
        VOLUME = "8",
        YEAR = "1997",
        PAGES = "114-132"}

@article{Kung95,
        AUTHOR = "S. Y. Kung and  J. S. Taur",
        TITLE = "Decision-based neural networks with signal/image classification applications",
        JOURNAL = "IEEE Trans. on Neural Network",
        VOLUME = "6",
        YEAR = "1995",
        PAGES = "170-181"}


@CONFERENCE{pentland94,
  author =       {A. Pentland and B. Moghaddam and T. Starner},
  title =        {View-based and modular eigenspaces for face recognition},
  booktitle =    {In Proceedings, IEEE Conference on Computer Vision and Pattern Recognition},
  year =         {1994},
}
@BOOK{bruce88,
  AUTHOR =       {V. Bruce},
  TITLE =        {Recognizing faces},
  PUBLISHER =    {Lawrence Erlbaum Associates},
  YEAR =         {1988},
  address =      {London, U.K.}
}

@Article{Jain98,
        AUTHOR = "A. K. Jain and Y. Zhang and M.P. Dubuisson-Jolly",
        TITLE = "Deformable template models: A review",
        JOURNAL = "Journal of Signal Processing",
        VOLUME = "71",
        YEAR = "1998",
        NUMBER = "2",
        PAGES = "109-129"}


@article{Sung97,
        AUTHOR = "K. Sung and T. Poggio",
        TITLE = "Example-based learning for view-based human face detection",
        JOURNAL = "IEEE Trans. Patt. Anal. Mach. Intell.",
        VOLUME = "20",
        YEAR = "1997",
        PAGES = "39-51"}


@BOOK{fukunaga89,
  AUTHOR =       {K. Fukunaga},
  TITLE =        {Statistical Pattern Recognition},
  PUBLISHER =    {Academic Press},
  YEAR =         {1989},
  address =      {New York, NY.}
}

@conference{Bartlett98,
        AUTHOR = "M. S. Bartlett and H. M. Lades and T. Sejnowski",
        TITLE =  "Independent component representation for face recognition",
        BOOKTITLE = "In Proceedings, SPIE Symposium on Electronic Imaging: Science and Technology",
        YEAR = "1998",
        PAGES = "528-539"
        }

@article{Kruger97,
        AUTHOR = "N. Kruger and M. Potzsch and C.V.D. Malsburg",
        TITLE = "Determination of face position and pose with a learned representation based on labelled graphs",
        JOURNAL = "Image Vision Computing",
        VOLUME = "15",
        YEAR = "1997",
        PAGES = "665-673"}


@article{Bell95,
        AUTHOR = "A. J. Bell and T. J. Senjowski",
        TITLE = "An information maximisation approach to blind separation and blind deconvolution",
        JOURNAL = "Neural Computation",
        VOLUME = "7",
        YEAR = "1995",
        PAGES = "1129-1159"}

@article{Bell97,
        AUTHOR = "A.J. Bell and T. J. Senjowski",
        TITLE = "The independent components of natural scenes are edge filters",
        JOURNAL = "Vis. Res.",
        VOLUME = "37",
        YEAR = "1995",
        PAGES = "3327-3338"}

@article{Moon01,
        AUTHOR = "H. Moon and P. J. Phillips",
        TITLE = "Computational and performance aspects of PCA-based face recognition algorithms",
        JOURNAL = "Perception",
        VOLUME = "30",
        YEAR = "2001",
        PAGES = "301-321"}

@conference{Maurer96_a,
        AUTHOR = "T. Maurer and C. V. D. Malsburg",
        TITLE =  "Single view based recognition of faces rotated in depth",
        BOOKTITLE = "In Proceedings, InternationalWorkshop on Automatic Face and Gesture Recognition",
        YEAR = "1996",
        PAGES = "176-181"
        }
@conference{Zhao98,
        AUTHOR = "W. Zhao and R. Chellappa and A. Krishnaswamy",
        TITLE =  "Discriminant analysis of principal components for face recognition",
        BOOKTITLE = "In Proceedings of International Workshop on Automatic Face and Gesture Recognition",
        YEAR = "1998",
        PAGES = "336 - 341"
        }

@ARTICLE{Swets96_b,
  AUTHOR =       {D. L. Swetes and J. Weng},
  TITLE =        {Using discriminant eigenfeatures for image retrieval},
  JOURNAL =      {IEEE Trans. Patt. Anal. Mach. Intell.},
  YEAR =         {1996},
  volume =       {18},
  pages =        {831-836}
}

@ARTICLE{Belhumeur97,
  AUTHOR =       {P. N. Belhumeur and J. P. Hespanha and  D. J. Kriegman},
  TITLE =        {Eigenfaces vs. Fisherfaces: Recognition using class specific linear projection},
  JOURNAL =      {IEEE Trans. Patt. Anal. Mach. Intell.},
  YEAR =         {1997},
  volume =       {19},
  pages =        {711-720}
}

@conference{Belhumeur96,
  AUTHOR     =     {P. N. Belhumeur and  D. J. Kriegman},
  TITLE     =      {What is the set of images of an object under all possible lighting conditions?},
  BOOKTITLE =      {In Proceedings IEEE Conference on Computer Vision and Pattern Recognition},
  YEAR =           {1996},
  PAGES =   {270-277}
}

@conference{Hallianan94,
  AUTHOR     =     {P. W. Hallianan},
  TITLE     =      {A low-dimensional representation of human faces for arbitrary lighting conditions},
  BOOKTITLE =      {IEEE Conference on Computer Vision and Pattern Recognition},
  YEAR =           {1994},
  PAGES =   {995-999}
}

@ARTICLE{Etemad97,
  AUTHOR =       {K. Etemad and R. Chellappa},
  TITLE =        {Discriminant analysis for recognition of human face images},
  JOURNAL =      {J. Opt. Soc. Am.},
  YEAR =         {1997},
  volume =       {14},
  pages =        {1724-1733}
}

@TECHREPORT{Zhao99,
  AUTHOR =       {W. Zhao and R. Chellappa and P. J. Phillips},
  TITLE =        {Subspace linear discriminant analysis for face recognition. Tech. rep. CAR-TR-914},
  INSTITUTION =  {Center for Automation Research, University of Maryland, College Park, MD},
  YEAR =         {1999}
}

@PHDTHESIS{Shashua94,
  AUTHOR =       {A. Shashua},
  TITLE =        {Geometry and photometry in 3D visual recognition},
  SCHOOL =       {Massachusetts Institute of Technology, Cambridge, MA},
  YEAR =         {1994}
}


@BOOK{Biederman98,
  AUTHOR =       {I. Biederman and P. Kalocsai},
  TITLE =        {Neural and psychophysical analysis of object and face recognition},
  PUBLISHER =    {In Face Recognition: From Theory to Applications, H. Wechsler, P. J. Phillips, V. Bruce, F. F. Soulie, and T. S. Huang},
  YEAR =         {1998},
  volume =       {Springer-Verlag, Berlin, Germany},
  number =       {3�25}
}


@book{kanade77,
        AUTHOR = "T. Kanade",
        TITLE = "Computer Recognition of Human Faces",
        PUBLISHER = "Birkhauser",
        YEAR = "1977"}


@BOOK{Okada98,
  AUTHOR =       {K. Okada and J. Steffans and T. Maurer and H. Hong and E. Elagin and H. Neven and C. V. D. Malsburg},
  TITLE =        {The Bochum/USC Face Recognition System and how it fared in the FERET Phase III Test},
  PUBLISHER =    {In Face Recognition: From Theory to Applications, H. Wechsler, P. J. Phillips, V. Bruce, F. F. Soulie, and T. S. Huang},
  YEAR =         {1998},
  volume =       {Springer-Verlag, Berlin, Germany},
  number =       {186�205}
}


@TECHREPORT{Kelly70,
  AUTHOR =       {M. D. Kelly},
  TITLE =        {Tech. rep. AI-130, Visual identification of people by computer},
  INSTITUTION =  {Stanford AI Project, Stanford, CA},
  YEAR =         {1970}
}

@PHDTHESIS{Samaria94_a,
  AUTHOR =       {F. Samaria},
  TITLE =        {Face recognition using hidden markov models},
  SCHOOL =       {University of Cambridge, Cambridge, U.K},
  YEAR =         {1994}
}


@ARTICLE{Samaria94_b,
  AUTHOR =       {F. Samaria and S. Yount},
  TITLE =        {HMM based architecture for face identification},
  JOURNAL =      {Image Vision Computing},
  YEAR =         {1994},
  volume =       {12},
  pages =        {537-583}
}


@conference{Buhmann90,
  AUTHOR = {J. Buhmann and M. Lades and C. V. D. Malsburg},
  TITLE =        {Size and distortion invariant object recognition by hierarchical graph matching},
  BOOKTITLE = {In Proceedings of International Joint Conference on Neural Networks},
  YEAR =         {1990},
  PAGES = {411-416}
}


@ARTICLE{Lades93,
  AUTHOR =       {M. Lades and J. Vorbruggen and J. Buhmann and J. Lange and C. V. D. Malsburg and R. Wurtz and W. Konen},
  TITLE =        {Distortion invariant object recognition in the dynamic link architecture},
  JOURNAL =      {IEEE Trans. Comput.},
  YEAR =         {1993},
  volume =       {42},
  pages =        {300-311}
}

@ARTICLE{Georghiades01,
  AUTHOR =       {A. Georghiades and P. Belhumeur and D. Kriegman},
  TITLE =        {From few to many: Illumination cone model for face recognition under variable lighting and pose},
  JOURNAL =      {IEEE Trans. Pattern Analysis and Machine Intelligence},
  YEAR =         {2001},
  volume =       {23},
  number =       {6}
  pages =        {634-660},
  month = {June}
}

@conference{Hsu01,
  AUTHOR =       {R.L. Hsu and A.K. Jain},
  TITLE =        {Face Modeling for Recognition},
  BOOKTITLE =    {Proc. Int'l Conf. Image Processing (ICIP)},
  YEAR =         {2001},
  month =        {October}
}


@conference{Lee95,
  AUTHOR =       {Y. Lee and D. Terzopolous and K. Waters},
  TITLE =        {Realistic Modeling for Facial Animation},
  BOOKTITLE =    {Proc. SIGGRAPH, Los Angeles},
  YEAR =         {1995},
  pages =        {55-61},
  month =       {August}
}

@ARTICLE{Lee03,
  AUTHOR =       {M. Lee and S. Ranganath},
  TITLE =        {Pose Invariant Face Recognition Using 3D Deformable Model},
  JOURNAL =      {Pattern Recognition},
  YEAR =         {2003},
  volume =       {36},
  number =       {8}
  pages =        {1835-1846},
  month =        {August}
}

@conference{Zhao00,
  AUTHOR =       {W.Y. Zhao and R. Chellappa},
  TITLE =        {3D Model Enhanced Face Recognition},
  BOOKTITLE =    {Proc. IEEE Int'l Conf. Image Processing},
  YEAR =         {2000}
}


@ARTICLE{Bronstein05,
  AUTHOR =       {A. M. Bronstein and M. M. Bronstein and R. Kimmel},
  TITLE =        {Three-dimensional face recognition},
  JOURNAL =      {International Journal of Computer Vision},
  YEAR =         {2005},
  pages =        {5-30}
}


@conference{Lee05,
  AUTHOR =       {Y. Lee and H. Song and U. Yang, H. Shin and K. Sohn},
  TITLE =        {Local feature based 3D face recognition},
  BOOKTITLE =    {in: International Conference on Audio- and Videobased Biometric Person Authentication (AVBPA 2005},
  YEAR =         {2005},
  pages =        {909-918},
  Volume =       {3546},
  month =        {July}
}


@article{atick97,
  AUTHOR =       {J. Atick, Paul A. Griffin and A. Norman Redlich},
  TITLE =        {Statistical Approach to Shape from Shading: Reconstruction of 3D Face Surfaces from Single 2D Images},
  JOURNAL =      {Neural Computation},
  YEAR =         {1997},
}


@conference{lu04,
  AUTHOR =       {X. Lu, D. Colbry and A. K. Jain},
  TITLE =        {Matching 2.5D scans for face recognition},
  BOOKTITLE =    {International Conference on Pattern Recognition (ICPR 2004)},
  YEAR =         {2004},
  pages =        {362-366}
}


@MISC{neven,
  title =       {Neven Vision, Inc. Nevenvision machine vision technology,  http://www.nevenvision.com/}
}


@conference{lu05_2,
  AUTHOR =       {X. Lu and A. K. Jain},
  TITLE =        {Integrating range and texture information for 3D face recognition},
  BOOKTITLE =      {7th IEEE Workshop on Applications of Computer Vision (WACV '05)},
  YEAR =         {2005},
  pages =        {155-163}
}


@article{Chowdhury03,
  AUTHOR =       {A. Chowdhury and R. Chellappa},
  TITLE =        {Face Reconstruction from Monocular Video Using Uncertainty Analysis and a Generic Model},
  JOURNAL =      {Computer Vision and Image Understanding},
  YEAR =         {2003},
  volume =       {91},
  pages =        {188-213},
  month = {August}
}

@conference{Medioni_03,
    AUTHOR = "G. Medioni and R.Waupotitsch",
    TITLE = "Face recognition and modeling in 3d",
    BOOKTITLE = "In Proc. Workshop on Analysis and Modeling of Faces and Gestures",
    MONTH = "October",
    YEAR = "2003",
    PAGES = "232-233"
    }

@conference{Blanz99,
    AUTHOR = "V. Blanz and T. Vetter",
    TITLE = "A morphable model for the synthesis of 3D faces",
    BOOKTITLE = "In Proc. of ACM SIGGRAPH 99",
    YEAR = "1999",
    PAGES = "187-194"
    }

@conference{Lengagne96,
    AUTHOR = "R. Lengagne and J. P. Tarel and O. Monga",
    TITLE = "From 2D images to 3D face geometry",
    BOOKTITLE = "Proc. IEEE Int'l Conf. Automatic Face and Gesture Recognition, AFGR96",
    YEAR = "1996",
    MONTH = "Oct."
    }


@conference{Yan98,
    AUTHOR = "Y. Yan and J. Zhang",
    TITLE = "Rotation�invariant 3D Recognition for Face Recognition",
    BOOKTITLE = "Proc. IEEE Int'l Conf. Image Processing",
    YEAR = "1998",
    VOLUME = "I",
    PAGES = "156-160"
    }

@conference{zhang00,
    AUTHOR = "C. Zhang and F.S. Cohen",
    TITLE = "Face shape extraction and recognition using 3D morphing and distance mapping",
    BOOKTITLE = "Proc. IEEE Int'l Conf. Automatic Face and Gesture Recognition, AFGR00",
    YEAR = "2000",
    PAGES = "28-33"
    }

@article{zhang02,
  AUTHOR =       {C. Zhang and F. S.  Cohen},
  TITLE =        {3-D face structure extraction and recognition from images using 3-D morphing and distance mapping},
  JOURNAL =      {IEEE Transactions on Image Processing},
  YEAR =         {2002},
  volume =       {11},
  pages =        {1249-1259},
  month =        {November},
  Number =       {11}
}

@article{Benarie98,
  AUTHOR =       {J. Ben�Arie and D. Nandy},
  TITLE =        {A volumetric/iconic frequency domain representation for objects with application for pose invariant face recognition},
  JOURNAL =      {IIEEE Trans. Pattern Analysis and Machine Intelligence},
  YEAR =         {1998},
  volume =       {20},
  pages =        {449-457},
  month =        {May},
  Number =       {5}
}

@article{lao00,
  AUTHOR =       {S. Lao and Y. Sumi and M. Kawade and F. Tomita},
  TITLE =        {3D template matching for pose invariant face recognition using 3D facial model built with iso-luminance line based stereo vision},
  JOURNAL =      {International Conference on Pattern Recognition (ICPR 2000)},
  YEAR =         {2000},
  pages =        {911-916}
}

@article{Tsalakanidou03,
  AUTHOR =       {F. Tsalakanidou and D. Tzocaras and M. Strintzis},
  TITLE =        {Use of depth and colour eigenfaces for face recognition},
  JOURNAL =      {Pattern Recognition Letters},
  YEAR =         {2003},
  PAGES =        {1427 - 1435},
  VOLUME = {24}
}

@article{Godil05,
  AUTHOR =       {A. Godil and S. Ressler and P. Grother},
  TITLE =        {Face recognition using 3D facial shape and color map information comparison and combination},
  JOURNAL =      {Biometric Technology for Human Identification, SPIE},
  YEAR =         {2005},
  pages =        {351-361},
  VOLUME =       {5404},
  MONTH =        {April}
}

@conference{Papatheodorou04,
    AUTHOR = "T. Papatheodorou and D. Reuckert",
    TITLE = "Evaluation of automatic 4D face recognition using surface and texture registration",
    BOOKTITLE = "Sixth International Conference on Automated Face and Gesture Recognition, AFGR04",
    YEAR = "2004",
    PAGES = "321-326",
    MONTH = "May"
    }

@conference{Tsalakanidou04,
    AUTHOR = "F. Tsalakanidou and S. Malassiotis and M. Strintzis",
    TITLE = "Integration of 2D and 3D images for enhanced face authentication",
    BOOKTITLE = "Sixth International Conference on Automated Face and Gesture Recognition AFGR04",
    YEAR = "2004",
    PAGES = "266 - 271",
    MONTH = "May"
    }

@conference{FRGC2005,
        AUTHOR = "P. J. Phillips and P. J. Flynn and T. Scruggs and K. W. Bowyer and J. Chang and K. Hoffman and J. Marques and J. Min and W. Worek",
        TITLE = "Overview of the Face Recognition Grand Challenge",
        BOOKTITLE = "IEEE Conference on Computer Vision and Pattern Recognition",
        YEAR = "2005"
}

@article{Beumier01,
  AUTHOR =       {C. Beumier and M. Acheroy},
  TITLE =        {Face verification from 3D and grey level cues},
  JOURNAL =      {Pattern Recognition},
  YEAR =         {2001},
  pages =        {1321-1329},
  VOLUME =       {22}
}
@MISC{Goats,
  AUTHOR =       {A. Hicklin, C. Watson, B. Ulery},
  TITLE =        {The Myth of Goats: How Many People Have Fingerprints That Are Hard to Match?},
  ADDRESS =      {NIST Interagency Report 7271},
  YEAR = {2005}
}
@ARTICLE{usatoday_05,
  AUTHOR =       {T. Moore},
  TITLE =        {Cities opening more video surveillance eyes},
  JOURNAL =      {USA Today},
  YEAR =         {7/18/2005}
}
@MASTERSTHESIS{wvu_database,
  AUTHOR =       {Susmita Mandala},
  TITLE =        {The Effect of lighting Direction on Face Recognition Performance},
  SCHOOL =       {West Virginia University},
  YEAR =         {2005},
  type =         {Msc Thesis},
  month =        {Spring}
}
@BOOK{webb02,
  AUTHOR =       {A. R. Webb},
  TITLE =        {Statistical Pattern Recognition},
  PUBLISHER =    {John Wiley and Sons Ltd.},
  YEAR =         {2002},
  edition =      {Second Edition}
}
@MISC{NFIQ,
  AUTHOR =       {E. Tabassi and C. L. Wilson and C. I. Watson},
  TITLE =        {Fingerprint Image Qualit},
  ADDRESS =  {NIST Interagency Report 7151},
  YEAR = {August 2004}
}
@MISC{biometric_role,
  author =       {A. Hicklin and R. Khanna},
  title =        {The Role of Data Quality in Biometric Systems},
  ADDRESS =     {Mitretek System},
  year =         {2006}
}
@conference{Kalka_05,
        AUTHOR = "N. Kalka and V. Dorairaj and Y. Shah and N. A. Schmid and B. Cukic,",
        TITLE = "Image Quality Assessment for Iris Biometric",
        BOOKTITLE = "In Proc. of the Research Session,BCC",
        PAGES = "",
        YEAR = "2005"
}
@conference{FP_Metric1,
        AUTHOR = "J. Moon and H. Kim",
        TITLE = "Study on Metrics for Fingerprint Image Quality",
        BOOKTITLE = "Biometric Symposium",
        PAGES = "",
        YEAR = "2004"
}

@conference{FP_Metric2,
        AUTHOR = "E. Lim and X. Jiang and W. Yau",
        TITLE = "Fingerprint Quality and Validity Analysis",
        BOOKTITLE = "International Conference on Image Processing",
        PAGES = "469-472",
        YEAR = "2002"
}@conference{FP_Metric3,
        AUTHOR = "L. Shen and A. Kot and W.M Koo",
        TITLE = "Quality Measures of Fingerprint Images",
        BOOKTITLE = " 3rd International conference on AVBPA",
        PAGES = "266-271",
        YEAR = "2001"
}

@conference{FP_Metric4,
        AUTHOR = "S. Joun and H. Kim and Y. Chung and D. Ahn",
        TITLE = "An Experimental Study on Measuring Image Quality of Infant Fingerprints",
        BOOKTITLE = "LNCS, 2774",
        PAGES = "1261-1269",
        YEAR = "2003"
}
@INPROCEEDINGS{KurtosisDefinition,
  AUTHOR =       "S. Kotz and NL. Johnson",
  TITLE =        "Encyclopedia of Statistical Sciences",
  BOOKTITLE =    "Wiely",
  YEAR =         "1982",
  pages =        "415-426"
}
@MISC{standard06,
  title =        {Biometric quality workshop},
  howpublished = {National Institute of Standards and Technology},
  year =         {2006},
  month =        {March}
}
@article{Scanning1999,
        AUTHOR = "N. F. Zhang and M. T. Postek and R. D. Larrabee and A. E. Vladar and W. J. Kerry and S. N. Josnes",
        TITLE = "Image Shaprness Measurement in the Scanning Electron Microscope Part III",
        JOURNAL = "Scanning",
        VOLUME = "21",
        NUMBER = "4",
        PAGES = "246-252",
        MONTH = "July-August",
        YEAR = "1999"
        }

@article{SharpnessVLSI2002,
        AUTHOR = "M. Cohen and G. Cauwenberghs and M. A. Vorontsov",
        TITLE = "Image Sharpness and Beam Focus VLSI Sensors for Adaptive Optics",
        JOURNAL = "IEEE Sensors Journal",
        VOLUME = "2",
        NUMBER = "6",
        PAGES = "680-690",
        MONTH = "December",
        YEAR = "2002"
        }
@article{SpeakerGMM2000,
        AUTHOR = "D. A. Reynolds and T. F. Quatieri and R. B. Dunn",
        TITLE = "Speaker Verification Using Adapted Gaussian Mixture Models",
        JOURNAL = "Digital Signal Processing",
        VOLUME = "10",
        YEAR = "2000",
        PAGES = "19-41"
        }
@article{BayesianFace2000,
        AUTHOR = "Babak Moghaddam, Tony Jebara and Alex Pentland",
        TITLE = "Bayesian Face Recognition",
        JOURNAL = "Pattern Recognition",
        VOLUME = "33",
        NUMBER = "11",
        PAGES = "1771-1782",
        MONTH = "November",
        YEAR = "2000"
        }
@article{ExpressionSurvey2003,
        AUTHOR = "B. Fasel and Juergen Luettin",
        TITLE = "Automatic Facial Expression Analysis: A Survey",
        JOURNAL = "Pattern Recognition",
        VOLUME = "36",
        PAGES = "259-275",
        YEAR = "2003"
        }
        @conference{StatisticalAssesment2004,
        AUTHOR = "G. Givens and R. Beveridge and B. Draper and P. Grother and J. Phillips",
        TITLE = "Statistical Models for Assessing How Features of the Human Face Affect Recognition",
        BOOKTITLE = "Poceedings of the 17th International Conference on Pattern Recognition",
        PAGES = "",
        YEAR = "2004"
        }
@MISC{OpenCVLib,
        TITLE = "Open Source Computer Vision Library",
        INSTITUTION = "Intel Corp",
        ADDRESS = "Available at http://www.intel.com/research/mrl/research/opencv/",
        YEAR = "2000"
        }
@article{FERET2000,
        AUTHOR = "P. J. Phillips and H. Moon S. Rizvi and P. Pauss",
        TITLE = "The FERET Evaluation Methodology for Face-Recognition Algorithms",
        JOURNAL = "IEEE Trans. on Pattern Analysis and Machine Intelligence",
        VOLUME = "22",
        YEAR = "2000"
        }
        @article{FERET98,
AUTHOR = "P. J. Phillips and H. Wechsler and J. Huang and P. Rauss",
        TITLE = "The FERET database and evaluation procedure for face recognition algorithms",
        JOURNAL = "Image and Vision Computing",
        VOLUME = "16",
        YEAR = "1998",
        NUMBER = "5",
        PAGES = "295-306"
        }

@conference{Anoshkina94,
        AUTHOR = "E.V. Anoshkina and A.G. Belyaev and R. Huang and T.L. Kunii and O.G. Okuncv. S. Takahashi",
        TITLE = "Hierarchic shape description via singularity and multiscaling",
        BOOKTITLE = "Proceedings of IEEE Comtputer Software and Applications Conference",
        YEAR = "2004"
}

@INPROCEEDINGS{Rusinkiewicz_01,
  AUTHOR = "S. Rusinkiewicz and and M. Levoy",
  TITLE = "Efficient variants of the ICP algorithm",
  BOOKTITLE = "Proc. 3rd Int. Conf. on 3-D Digital Imaging and Modeling (3DIM)",
  PAGES = "145-152",
  YEAR = "2001"
}

@inproceedings{Yan05,
        AUTHOR = "P. Yan and K.W. Bowyer",
        TITLE = "Empirical Evaluation of Advanced Ear Biometrics",
        BOOKTITLE = EEMCV05,
        YEAR = "2005",
        PAGES = "III: 41-41"
        }
 @article{Lopez99,
    AUTHOR = "A. M. Lopez and F. Lumbreras and J. Serrat and J. J. Villanueva",
    TITLE = "Evaluation of Methods for Ridge and Valley Detection",
    JOURNAL = "IEEE Transactions on Pattern Analysis and Machine Intelligence (PAMI)",
    PAGES = "327-335",
    VOLUME = "21",
    NUMBER = "4",
    YEAR = "1999",
    MONTH = "APRIL"
    }

@book{Ross06,
 author = {Arun A. Ross and Karthik Nandakumar and Anil K. Jain},
 title = {Handbook of Multibiometrics (International Series on Biometrics)},
 year = {2006},
 publisher = {Springer-Verlag New York, Inc.},
 address = {Secaucus, NJ, USA},
 }


 @article{Pollen81,
    AUTHOR = "D. A. Pollen and S. F. Ronner",
    TITLE = "Phase relationship between adjacent simple cells in the visual cortex",
    JOURNAL = "Science",
    PAGES = "1409-1411",
    VOLUME = "212",
    YEAR = "1981"
    }

 @article{Jones87,
    AUTHOR = "J. P. Jones and L. A. Palmer",
    TITLE = "An evaluation of the two-dimensional Gabor filter model of simple receptive fields in cat striate cortex",
    JOURNAL = "J. of Neurophysiology",
    PAGES = "1233-1258",
    VOLUME = "58",
    YEAR = "1987"
    }

@book{Devalois88,
 author = {R. L. DeValois and K. K. DeValois},
 title = {Spatial Vision},
 year = {1988},
 publisher = {Oxford Press}
 }

@article{Olshausen96,
    AUTHOR = "B. A. Olshausen and D. J. Field",
    TITLE = "Emergence of simple-cell receptive field properties by learning a sparse code for natural images",
    JOURNAL = "Nature",
    PAGES = "607-609",
    VOLUME = "381",
    YEAR = "1996"
    }


@article{fields87,
    AUTHOR = "D. Fields",
    TITLE = "Relations between the statistics of natural imags and the response properies of cortical cells",
    JOURNAL = "Journal of Optical Society of America",
    PAGES = "2379-2394",
    VOLUME = "4",
    NUMBER = "12",
    YEAR = "1987"
    }

 @article{Bell97,
    AUTHOR = "A. J. Bell and T. J. Sejnowski ",
    TITLE = "The independent components of natural scenes are edge filters",
    JOURNAL = "Vision Reserch",
    PAGES = "3327-3338",
    VOLUME = "37",
    NUMBER = "23",
    YEAR = "1997"
    }

@article{Faugeras86,
    AUTHOR = "O. Faugeras and M. Hebert",
    TITLE = "The Representation, Recognition, and Locating of 3-D Objects",
    JOURNAL = "Int. J. Robotic Res.",
    VOLUME = "5",
    NUMBER = "3",
    YEAR = "1986"
    }

@article{Stein92,
    AUTHOR = "F. Stein and G. Medioni",
    TITLE = "Structural Indexing: Efficient 3-D Object Recognition",
    JOURNAL = "IEEE Transactions on Pattern Analysis and Machine Intelligence (PAMI)",
    VOLUME = "14",
    NUMBER = "2",
    YEAR = "1992"
    }

@inproceedings{Johnson97,
        AUTHOR = "A. Johnson and M. Hebert",
        TITLE = "Surface Registration by Matching Oriented Points",
        BOOKTITLE = "Proc. 3DIM",
        YEAR = "1997"
        }

@inproceedings{Huber01,
        AUTHOR = "D. Huber",
        TITLE = "Automatic 3D Modeling Using Range Images Obtained from Unknown Viewpoints",
        BOOKTITLE = "Proc. 3DIM",
        YEAR = "2001"
        }

@article{Dorai97,
    AUTHOR = "C. Dorai and J. Weng and A. Jain",
    TITLE = "Optimal Registration of Object Views Using Range Data",
    JOURNAL = "IEEE Transactions on Pattern Analysis and Machine Intelligence (PAMI)",
    VOLUME = "19",
    NUMBER = "10",
    YEAR = "1997"
    }

@article{Chen99,
    AUTHOR = "C. Chen and Y. Hung and J. Cheng",
    TITLE = "RANSAC-Based DARCES: A New Approach to Fast Automatic Registration of Partially Overlapping Range Images",
    JOURNAL = "IEEE Transactions on Pattern Analysis and Machine Intelligence (PAMI)",
    VOLUME = "21",
    NUMBER = "11",
    YEAR = "1999"
    }
@PHDTHESIS{Nasser07_thesis,
  AUTHOR =       {Nasser A-Ansari},
  TITLE =        {3D Face Mesh Modeling With Applications to 3D and 2D face Recognition},
  SCHOOL =       {University of Miami, Coral Gables, FL},
  YEAR =         {2007},
  type =         {Ph.D. dissertation}
}

@MASTERSTHESIS{bolme_03,
  AUTHOR =       {David S. Bolme},
  TITLE =        {Elastic Bunch Graph Matching},
  SCHOOL =       {Colorado State University},
  YEAR =         {2003},
  type =         {Msc Thesis},
  month =        {Summer}
}


@article{Li92,
  author    = {S. Z. Li},
  title     = {Matching: Invariant to translations, rotations and scale
               changes.},
  journal   = {Pattern Recognition},
  volume    = {25},
  number    = {6},
  year      = {1992},
  pages     = {583-594}
}


@article{Kakadiaris07,
  author    = {I.A. Kakadiaris and G. Passalis and G. Toderici and N. Murtuza and Y. Lu and N. Karampatziakis and T. Theoharis},
  title     = {3D Face recognition in the presence of facial expressions: An annotated deformable model approach},
  journal   = {IEEE Trans. on Pattern Analysis and Machine Intelligence},
  volume    = {29},
  number    = {4},
  year      = {2007},
  pages     = {640-649}
}

@book{Shafer76,
 author = {G. Shafer},
 title = {A Mathematical Theory of Evidence},
 year = {1976},
 publisher = {NJ: Princeton Univ. Press}
 }

@inproceedings{premaratne04,
        AUTHOR = "K. Premaratne and J. Zhang and K. K. R. G. K. Hewawasam",
        TITLE = "Decision making in distributed sensor networks: A belief-theoretic Bayes-like theorem",
        BOOKTITLE = "IEEE Int. MWSCAS",
        PAGES = "497-500",
        YEAR = "2004",
        VOLUME = "2",
        MONTH = "July"
        }
@book{Hampel86,
 author = {F.R. Hampel and P.J. Rousseeuw and E. M. Ronchetti and W. A. Stahel},
 title = {Robust Statistics: The approach based on Influence Functions},
 year = {1986},
 publisher = {John Wiley and Sons}
 }
@book{Duda02,
 author = {R. O. Duda and P.E. Hart and D. G. Stork},
 title = {Pattern Classification},
 year = {2000},
 publisher = {New York: Wiley},
 edition ={2nd}
 }



@inproceedings{Bandelt91,
  author    = {Hans-J�rgen Bandelt and Victor Chepoi},
  title     = {Metric graph theory and geometry: a survey},
  booktitle   = {Contemporary Mathematics, Special issue of Proceedings of the Joint Summer Research Conference on Discrete and Computational Geometry},
  year      = {2006},
}
@article{Pisanski00,
  author    = {Tomaz Pisanski and Milan Randic},
  title     = {Bridges between geometry and graph theory},
  journal   = {Geometry at Work: Papers in Applied Geometry},
  number    = {4},
  year      = {2000},
  pages     = {174-194}
}
@article{Pudil94,
    author = "Pudil, P. and Novovicova, J. and Kittler, J.",
    title = "Floating Search Methods In Feature-Selection",
    journal = "Pattern Recognition Letters",
    volume = "15",
    number = "11",
    month = "November",
    pages = "1119-1125",
    year = "1994"}

@article{premaratne07,
    author = "K. Premaratne K. and D.A. Dewasurendra and P.H. Bauer",
    title = "Evidence Combination in an Environment With Heterogeneous Sources",
    journal = "IEEE Transactions on Systems, Man and Cybernetics, Part A",
    volume = "37",
    number = "3",
    month = "May",
    pages = "298-309",
    year = "2007"}

@article{hFeng18,
    author = "Feng, H. Golshan, H.M. and Mahoor, M.H",
    title = "A wavelet-based approach to emotion classification using EDA signals",
    journal = "Expert Systems with Applications",
    volume = "112",
    number = "1"
    month = "Dec",
    pages = "77-86",
    year = "2018"}

